
@article{dray_spatial_2006,
	title = {Spatial modelling: a comprehensive framework for principal coordinate analysis of neighbour matrices (pcnm).},
	volume = {196},
	journal = {Ecol. Modelling},
	author = {Dray, S. and Legendre, P. and Peres-Neto, P.},
	year = {2006},
	pages = {483--493},
}

@article{wagner_spatial_2005,
	title = {Spatial analysis of landscapes: concepts and statistics},
	volume = {86},
	journal = {Ecology},
	author = {Wagner, H. H. and Fortin, M. J.},
	year = {2005},
	pages = {1975--1987},
}

@article{wiens_ecological_1993,
	title = {Ecological mechanisms and landscape ecology},
	volume = {66},
	number = {3},
	journal = {Oikos},
	author = {Wiens, J. A. and Stenseth, N. C. and Van Horne, B. and Ims, R. A.},
	year = {1993},
	pages = {369--380},
}

@book{forman_land_1995,
	address = {Cambridge, UK.},
	title = {Land mosaics: the ecology of landscapes and regions},
	publisher = {Cambridge University Press},
	author = {Forman, R. T. T.},
	year = {1995},
}

@book{forman_landscape_1986,
	address = {New York, NY, USA.},
	title = {Landscape ecol.},
	publisher = {John Wiley and Sons, Inc.},
	author = {Forman, R. T. T. and Godron, M.},
	year = {1986},
}

@book{legendre_numerical_2012,
	address = {Amsterdam, The Netherlands},
	title = {Numerical ecology, 3rd {E}nglish edition},
	publisher = {Elsevier Science B.V.},
	author = {Legendre, P. and Legendre, L.},
	year = {2012},
}

@article{baker_1500_2016,
	title = {1,500 scientists lift the lid on reproducibility},
	volume = {533},
	doi = {10.1038/533452a},
	number = {7604},
	journal = {Nature News},
	author = {Baker, M.},
	year = {2016},
	pages = {452},
}

@article{jong_extreme_2010,
	title = {On extreme values of {M}oran's {I} and {G}eary's c},
	volume = {16},
	doi = {10.1111/j.1538-4632.1984.tb00797.x},
	number = {1},
	journal = {Geogr. Anal.},
	author = {Jong, P. and Sprenger, C. and Veen, F.},
	year = {2010},
	pages = {17--24},
}

@article{moran_notes_1950,
	title = {Notes on continuous stochastic phenomena},
	volume = {37},
	doi = {10.2307/2332142},
	number = {1/2},
	journal = {Biometrika},
	author = {Moran, P. A. P.},
	year = {1950},
	pages = {17--23},
}

@article{griffith_spatial_2006,
	title = {Spatial modeling in ecology: the flexibility of eigenfunction spatial analyses},
	volume = {87},
	journal = {Ecology},
	author = {Griffith, D. A. and Peres-Neto, P. R.},
	year = {2006},
	pages = {2603--2613},
}

@article{borcard_all-scale_2002,
	title = {All-scale spatial analysis of ecological data by means of principal coordinates of neighbour matrices},
	volume = {153},
	journal = {Ecol. Model.},
	author = {Borcard, D. and Legendre, P.},
	year = {2002},
	pages = {51--68},
	doi = {10.1016/S0304-3800(01)00501-4},
}

@article{blanchet_modelling_2008,
	title = {Modelling directional spatial processes in ecological data.},
	volume = {215},
	journal = {Ecol. Model.},
	author = {Blanchet, F. G. and Legendre, P. and Borcard, D.},
	year = {2008},
	pages = {325--336},
	doi = {10.1016/j.ecolmodel.2008.04.001},
}

@book{borcard_numerical_2018,
	title = {Numerical ecology with {R}, 2\textsuperscript{nd} edition.},
	publisher = {Springer International Publishing AG},
	author = {Borcard, D. and Gillet, F. and Legendre, P.},
	year = {2018},
}

@article{borcard_environmental_1994,
	title = {Environmental control and spatial structure in ecological communities: {A}n example using {O}ribatid mites ({A}cari, {O}ribatei)},
	volume = {1},
	doi = {10.1007/BF00714196},
	number = {1},
	journal = {Environ. Ecol. Stat.},
	author = {Borcard, D. and Legendre, P.},
	year = {1994},
	pages = {37--61},
}

@article{guenard_spatially-explicit_2016,
	title = {A spatially-explicit assessment of the fish population response to flow management in a heterogeneous landscape},
	volume = {7},
	number = {5},
	journal = {Ecosphere},
	author = {Guénard, G. and Lanthier, G. and Harvey‐Lavoie, S. and Macnaughton, C. J. and Senay, C. and Lapointe, M. and Legendre, P. and Boisclair, D.},
	year = {2016},
	pages = {e01252},
}

@article{guenard_modelling_2017,
	title = {Modelling habitat distributions for multiple species using phylogenetics},
	volume = {40},
	number = {9},
	journal = {Ecography},
	author = {Guénard, G. and Lanthier, G. and Harvey‐Lavoie, S. and Macnaughton, C. J. and Senay, C. and Lapointe, M. and Legendre, P. and Boisclair, D.},
	year = {2017},
	pages = {1088--1097},
}

@article{guenard_bringing_2018,
	title = {Bringing multivariate support to multiscale codependence analysis: assessing the drivers of community structure across spatial scales},
	volume = {9},
	doi = {10.1111/2041-210X.12864},
	journal = {Meth. Ecol. Evol.},
	author = {Guénard, G. and Legendre, P.},
	year = {2018},
	pages = {292--304}
}

@article{hoeffding_probability_1963,
	title = {Probability inequalities for sums of bounded random variables},
	volume = {58},
	doi = {10.1080/01621459.1963.10500830},
	number = {301},
	journal = {J. Am. Stat. Assoc.},
	author = {Hoeffding, W.},
	year = {1963},
	pages = {13--30},
}

@Article{Ardia2011DEoptim,
  title = {Differential evolution with {DEoptim}: {A}n Application to Non-Convex Portfolio Optimization},
  author = {Ardia, D. and Boudt, K. and Carl, P. and Mullen, K. M. and Peterson, B. G.},
  journal = {R J.},
  year = {2011},
  volume = {3},
  number = {1},
  pages = {27--34},
  doi = {10.32614/RJ-2011-005},
}

@Article{Friedman2010GlmNet,
  title = {Regularization paths for generalized linear models via coordinate descent},
  author = {Friedman, J. and Tibshirani, R. and Hastie, T.},
  journal = {J. Stat. Softw.},
  year = {2010},
  volume = {33},
  number = {1},
  pages = {1--22},
  doi = {10.18637/jss.v033.i01},
}

@Article{Tay2023GlmNet,
  title = {Elastic net regularization paths for all generalized linear models},
  author = {Tay, J. K. and Narasimhan, B. and Hastie, T.},
  journal = {J. Stat. Softw.},
  year = {2023},
  volume = {106},
  number = {1},
  pages = {1--31},
  doi = {10.18637/jss.v106.i01},
}

@Manual{RPostgreSQL,
  title = {{RPostgreSQL}: {R} interface to the '{PostgreSQL}' database system},
  author = {Conway, J. and Eddelbuettel, D. and Nishiyama, T. and Prayaga, S. K. and Tiffin, N.},
  year = {2023},
  note = {R package version 0.7-5},
  url = {https://CRAN.R-project.org/package=RPostgreSQL},
}

@book{forman_land_1995,
	address = {Cambridge, UK.},
	title = {Land mosaics: the ecology of landscapes and regions},
	publisher = {Cambridge University Press},
	author = {Forman, R. T. T.},
	year = {1995},
}

@book{forman_landscape_1986,
	address = {New York, NY, USA.},
	title = {Landscape ecology},
	publisher = {John Wiley and Sons, Inc.},
	author = {Forman, R. T. T. and Godron, M.},
	year = {1986},
}

@article{legendre_spatial_1989,
	title = {Spatial pattern and ecological analysis},
	volume = {80},
	number = {2},
	journal = {Vegetatio},
	author = {Legendre, P. and Fortin, M. J.},
	year = {1989},
	pages = {107--138},
}

@article{pebesma_multivariable_2004,
	title = {Multivariable geostatistics in {S}: the gstat package},
	volume = {30},
	doi = {10.1016/j.cageo.2004.03.012},
	number = {7},
	journal = {Comput. Geosci.},
	author = {Pebesma, E. J.},
	year = {2004},
	pages = {683--691},
}

@book{Matheron_1962,
	address = {Paris},
	title = {Traité de géostatistique appliquée. Tomes I et II},
	publisher = {Éditions Technip},
	author = {Matheron, G.},
	year = {1962},
	pages = {334pp., 172pp.}
}

@article{Legendre_Spatial_1993,
	title = {Spatial autocorrelation: trouble or new paradigm?},
	number = {74},
	doi = {10.2307/1939924},
	number = {6},
	journal = {Ecology},
	author = {Legendre, P.},
	year = {1993},
	pages = {1659--1673},
}

@article{legendre_beta_2013,
	title = {Beta diversity as the variance of community data: dissimilarity coefficients and partitioning},
	volume = {16},
	doi = {10.1111/ele.12141},
	number = {8},
	journal = {Ecol. Lett.},
	author = {Legendre, P. and De Cáceres, M.},
	year = {2013},
	pages = {951--963},
}

@article{legendre_ecologically_2001,
	title = {Ecologically meaningful transformations for ordination of species data},
	volume = {129},
	journal = {Oecologia},
	author = {Legendre, P. and Gallagher, E. D.},
	year = {2001},
	pages = {271--280},
}

@article{pascoe_lack_2019,
	title = {A lack of ``environmental earth data'' at the microhabitat scale impacts efforts to control invasive {A}rthropods that vector pathogens},
	volume = {4},
	doi = {10.3390/data4040133},
	number = {4},
	journal = {Data},
	author = {Pascoe, E. L. and Pareeth, S. and Rocchini, D. and Marcantonio, M.},
	year = {2019},
	pages = {133},
}

@article{antunes_quantitative_2020,
	title = {Quantitative methods demonstrate that environment alone is an insufficient predictor of present-day language distributions in {New} {Guinea}},
	volume = {15},
	doi = {10.1371/journal.pone.0239359},
	number = {10},
	journal = {PLOS ONE},
	author = {Antunes, N. and Schiefenhövel, W. and d’Errico, F. and Banks, W. E. and Vanhaeren, M.},
	year = {2020},
	pages = {e0239359},
}

@incollection{myers_co-kriging_1984,
	address = {Dordrecht},
	title = {Co-kriging --- new developments},
	isbn = {978-94-009-3699-7},
	booktitle = {Geostatistics for natural resources characterization: {Part} 1},
	publisher = {Springer Netherlands},
	author = {Myers, D. E.},
	editor = {Verly, G. and David, M. and Journel, A. G. and Marechal, A.},
	year = {1984},
	doi = {10.1007/978-94-009-3699-7_18},
	pages = {295--305},
}

@article{dansereau_evaluating_2022,
	title = {Evaluating ecological uniqueness over broad spatial extents using species distribution modelling},
	volume = {2022},
	doi = {10.1111/oik.09063},
	journal = {Oikos},
	author = {Dansereau, G. and Legendre, P. and Poisot, T.},
	year = {2022},
	pages = {e09063},
}

@incollection{mason_boosting_1999,
	address = {Boston, MA, USA},
	edition = {MIT Press},
	title = {Boosting algorithms as gradient descent},
	volume = {12},
	booktitle = {Advances in neural information processing systems},
	author = {Mason, L. and Baxter, J. and Bartlett, P. and Frean, M.},
	year = {1999},
}

@inproceedings{chen_xgboost_2016,
	address = {New York, NY, USA},
	series = {{KDD} '16},
	title = {{XGBoost}: {A} scalable tree boosting system},
	booktitle = {Proceedings of the 22nd {ACM} {SIGKDD} international conference on knowledge discovery and data mining},
	publisher = {Association for Computing Machinery},
	author = {Chen, T. and Guestrin, C.},
	year = {2016},
	pages = {785--794},
}

@article{chipman_bart_2010,
	title = {{BART}: {Bayesian} additive regression trees},
	volume = {4},
	doi = {10.1214/09-AOAS285},
	number = {1},
	journal = {Ann. Appl. Stat.},
	author = {Chipman, H. A. and George, E. I. and McCulloch, R. E.},
	year = {2010},
	pages = {266--298},
}

@article{cortes_support-vector_1995,
	title = {Support-vector networks},
	volume = {20},
	doi = {10.1007/BF00994018},
	number = {3},
	journal = {Mach. Learn.},
	author = {Cortes, C. and Vapnik, V.},
	year = {1995},
	pages = {273--297},
}

@book{Goodfellow-et-al-2016,
    title={Deep learning},
    author={Goodfellow, I. and Bengio, Y. and Courville, A.},
    publisher={MIT Press},
    note={\url{http://www.deeplearningbook.org}},
    year={2016}
}

@book{chollet_deep_2018,
	title = {Deep learning with {R}},
	publisher = {Manning Publications},
	author = {Chollet, F. and Allaire, J. J.},
	year = {2018},
}

@article{murtagh_survey_1985,
	title = {A survey of algorithms for contiguity-constrained clustering and related problems},
	volume = {28},
	number = {1},
	journal = {Comput. J.},
	author = {Murtagh, F.},
	year = {1985},
	pages = {82--88},
}

@incollection{legendre_constrained_1987,
	address = {Springer-Verlag, Berlin},
	series = {{NATO} {ASI} series},
	title = {Constrained clustering},
	volume = {G-14},
	booktitle = {Developments in numerical ecology},
	publisher = {Legendre, P. and Legendre, L.},
	author = {Legendre, P.},
	year = {1987},
	pages = {289--307},
}

@article{guenard_hierarchical_2022,
	title = {Hierarchical clustering with contiguity constraint in {R}},
	volume = {103},
	doi = {10.18637/jss.v103.i07},
	journal = {J. Stat. Softw.},
	author = {Guénard, G. and Legendre, P.},
	year = {2022},
	pages = {1--26},
}
